@misc {cypherpunks,
	author   = "Anonymous",
	title    = "{RC4} Source Code",
	journal  = "Cypherpunks mailing list",
	year     = "1994",
	url     = "{http://cypherpunks.venona.com/date/1994/09/msg00304.html}"
}


@article {roos,
	author  = "Andrew Roos",
	title   = "A Class of Weak Keys in the RC4 Stream Cipher",
	journal = "Two posts in sci.crypt",
	year    = "1995",
	note    = {https://agreg.org/Luminy/WeakKeys-report.pdf}
}

@article {GoMa,
	author  = "G. Paul and S. Maitra",
	title   = "RC4 State Information at Any Stage Reveals the Secret Key",
	journal = "Proceedings of SAC 2007",
	year    = "2007"
}

@article{Akgun:2008:NRK:1484903.1484908,
	author = {Akg\"{u}n, Mete and Kavak, P\inar and Demirci, H\"{u}seyin},
	title = {New Results on the Key Scheduling Algorithm of RC4},
	booktitle = {Proceedings of the 9th International Conference on Cryptology in India: Progress in Cryptology},
	series = {INDOCRYPT '08},
	year = {2008},
	isbn = {978-3-540-89753-8},
	location = {Kharagpur, India},
	pages = {40--52},
	url = {http://dx.doi.org/10.1007/978-3-540-89754-5_4},
	publisher = {Springer-Verlag},
} 


@misc{RS14,
	author =       { Ronald L. Rivest and Jacob C. N. Schuldt },
	title =        { {Spritz}---A spongy {RC4}-like stream cipher and hash function },
	year =      { 2014 },               
	note =         { Presented at Charles River Crypto Day (2014-10-24). },                  
	url =         {http://bostoncryptoday.wordpress.com/2014/09/07/friday-october-24-2014-at-mit/},                  
}


